<?xml version='1.0' encoding='utf-8'?>
<record xmlns="http://www.loc.gov/MARC21/slim" xmlns:xsi="http://www.w3.org/2001/XMLSchema-instance" xsi:schemaLocation="http://www.loc.gov/MARC21/slim http://www.loc.gov/standards/marcxml/schema/MARC21slim.xsd">
  <leader>00000npca 22007691a 4500</leader>
  <controlfield tag="005">20120123103439.0</controlfield>
  <controlfield tag="008">940218i19281968miu     |           eng||</controlfield>
  <datafield tag="035" ind1=" " ind2=" ">
    <subfield code="a">(RLIN)MIUV85-A1011</subfield>
  </datafield>
  <datafield tag="035" ind1=" " ind2=" ">
    <subfield code="a">(OCoLC)ocm34418403</subfield>
  </datafield>
  <datafield tag="040" ind1=" " ind2=" ">
    <subfield code="a">MiU-H</subfield>
    <subfield code="c">MiU-H</subfield>
    <subfield code="e">appm</subfield>
    <subfield code="d">MiU</subfield>
  </datafield>
  <datafield tag="100" ind1="1" ind2=" ">
    <subfield code="a">Kennedy, G. Donald</subfield>
    <subfield code="q">(George Donald),</subfield>
    <subfield code="d">1900-1988.</subfield>
  </datafield>
  <datafield tag="245" ind1="0" ind2="0">
    <subfield code="a">G. Donald Kennedy papers,</subfield>
    <subfield code="f">1928-1968.</subfield>
  </datafield>
  <datafield tag="300" ind1=" " ind2=" ">
    <subfield code="a">6 linear ft. (7 boxes) and 14 v. [outsize].</subfield>
  </datafield>
  <datafield tag="545" ind1=" " ind2=" ">
    <subfield code="a">Civil engineer, Michigan state highway commissioner, and president of the Portland Cement Company in Chicago.</subfield>
  </datafield>
  <datafield tag="520" ind1=" " ind2=" ">
    <subfield code="a">Correspondence, speeches, scrapbooks, photographs, and reports relating to his professional career; contain files relating to his work as municipal engineer in Pontiac, with the Mackinac Straits Bridge Authority, the American Association of State Highway Officials, the Automotive Safety Foundation, and the Huron-Clinton Metropolitan Authority; include papers relating to highway and airport construction, to economic mobilization during World War II, the Willow Run Bomber Plant, Democratic Party politics,</subfield>
  </datafield>
  <datafield tag="520" ind1=" " ind2=" ">
    <subfield code="a">and the campaign visit of Franklin Roosevelt to Michigan in 1936. Correspondents include: Prentiss M. Brown, Richard E. Byrd, Albert E. Cobo, Frederick Delano, James A. Farley, Edward Jefferies, Edward H. Litchfield, Thomas H. McDonald, Rodolfo Michelf, Frank Murphy, Chase Osborn, George Romney, Charles Sorenson, Murray D. Van Wagoner, Henry A. Wallace, and G. Mennen Williams.</subfield>
  </datafield>
  <datafield tag="555" ind1="0" ind2=" ">
    <subfield code="a">Finding aid in the library.</subfield>
  </datafield>
  <datafield tag="555" ind1="0" ind2=" ">
    <subfield code="a">Finding aid available via World Wide Web at URL: http://quod.lib.umich.edu/cgi/f/findaid/findaid-idx?c=bhlead&amp;idno=umich-bhl-851011</subfield>
  </datafield>
  <datafield tag="500" ind1=" " ind2=" ">
    <subfield code="a">Donor: 4416</subfield>
  </datafield>
  <datafield tag="500" ind1=" " ind2=" ">
    <subfield code="a">Photographs described separately.</subfield>
  </datafield>
  <datafield tag="650" ind1=" " ind2="0">
    <subfield code="a">Aeronautics.</subfield>
  </datafield>
  <datafield tag="650" ind1=" " ind2="0">
    <subfield code="a">Airports</subfield>
    <subfield code="z">Michigan.</subfield>
  </datafield>
  <datafield tag="610" ind1="2" ind2="0">
    <subfield code="a">American Association of State Highway Officials.</subfield>
  </datafield>
  <datafield tag="610" ind1="2" ind2="0">
    <subfield code="a">Automotive Safety Foundation.</subfield>
  </datafield>
  <datafield tag="650" ind1=" " ind2="0">
    <subfield code="a">Bridges</subfield>
    <subfield code="z">Michigan.</subfield>
  </datafield>
  <datafield tag="650" ind1=" " ind2="0">
    <subfield code="a">Cement.</subfield>
  </datafield>
  <datafield tag="610" ind1="2" ind2="0">
    <subfield code="a">Democratic Party (Mich.)</subfield>
  </datafield>
  <datafield tag="650" ind1=" " ind2="0">
    <subfield code="a">Engineers</subfield>
    <subfield code="z">Michigan.</subfield>
  </datafield>
  <datafield tag="610" ind1="2" ind2="0">
    <subfield code="a">Huron-Clinton Metropolitan Authority.</subfield>
  </datafield>
  <datafield tag="600" ind1="1" ind2="0">
    <subfield code="a">Kennedy, G. Donald</subfield>
    <subfield code="q">(George Donald),</subfield>
    <subfield code="d">1900-1988.</subfield>
  </datafield>
  <datafield tag="651" ind1=" " ind2="0">
    <subfield code="a">Mackinac Bridge (Mich.)</subfield>
  </datafield>
  <datafield tag="610" ind1="2" ind2="0">
    <subfield code="a">Mackinac Bridge Authority (Mich.)</subfield>
  </datafield>
  <datafield tag="691" ind1=" " ind2="4">
    <subfield code="a">Michigan</subfield>
    <subfield code="x">Politics and government</subfield>
    <subfield code="y">1929-1938.</subfield>
  </datafield>
  <datafield tag="691" ind1=" " ind2="4">
    <subfield code="a">Michigan</subfield>
    <subfield code="x">Politics and government</subfield>
    <subfield code="y">1939-1945.</subfield>
  </datafield>
  <datafield tag="610" ind1="1" ind2="0">
    <subfield code="a">Michigan.</subfield>
    <subfield code="b">State Highway Department.</subfield>
  </datafield>
  <datafield tag="651" ind1=" " ind2="0">
    <subfield code="a">Pontiac (Mich.)</subfield>
  </datafield>
  <datafield tag="650" ind1=" " ind2="0">
    <subfield code="a">Presidents</subfield>
    <subfield code="z">United States</subfield>
    <subfield code="x">Election</subfield>
    <subfield code="y">1936.</subfield>
  </datafield>
  <datafield tag="650" ind1=" " ind2="0">
    <subfield code="a">Roads</subfield>
    <subfield code="z">Michigan.</subfield>
  </datafield>
  <datafield tag="600" ind1="1" ind2="0">
    <subfield code="a">Roosevelt, Franklin D.</subfield>
    <subfield code="q">(Franklin Delano),</subfield>
    <subfield code="d">1882-1945.</subfield>
  </datafield>
  <datafield tag="650" ind1=" " ind2="0">
    <subfield code="a">Traffic engineering</subfield>
    <subfield code="z">Michigan.</subfield>
  </datafield>
  <datafield tag="610" ind1="2" ind2="0">
    <subfield code="a">Willow Run Bomber Plant.</subfield>
  </datafield>
  <datafield tag="650" ind1=" " ind2="0">
    <subfield code="a">World War, 1939-1945.</subfield>
  </datafield>
  <datafield tag="651" ind1=" " ind2="0">
    <subfield code="a">United States</subfield>
    <subfield code="x">Politics and government</subfield>
    <subfield code="y">1933-1945.</subfield>
  </datafield>
  <datafield tag="655" ind1=" " ind2="7">
    <subfield code="a">Scrapbooks.</subfield>
    <subfield code="2">aat</subfield>
  </datafield>
  <datafield tag="651" ind1=" " ind2="0">
    <subfield code="a">Michigan</subfield>
    <subfield code="x">Politics and government</subfield>
    <subfield code="y">1837-1950.</subfield>
  </datafield>
  <datafield tag="700" ind1="1" ind2=" ">
    <subfield code="a">Brown, Prentiss M.</subfield>
    <subfield code="q">(Prentiss Marsh),</subfield>
    <subfield code="d">1889-1973.</subfield>
  </datafield>
  <datafield tag="700" ind1="1" ind2=" ">
    <subfield code="a">Byrd, Richard Evelyn,</subfield>
    <subfield code="d">1888-1957.</subfield>
  </datafield>
  <datafield tag="700" ind1="1" ind2=" ">
    <subfield code="a">Cobo, Albert E.</subfield>
    <subfield code="q">(Albert Eugene),</subfield>
    <subfield code="d">1893-1957</subfield>
  </datafield>
  <datafield tag="700" ind1="1" ind2=" ">
    <subfield code="a">Delano, Frederic A.</subfield>
    <subfield code="q">(Frederic Adrian),</subfield>
    <subfield code="d">1863-1953.</subfield>
  </datafield>
  <datafield tag="700" ind1="1" ind2=" ">
    <subfield code="a">Farley, James A.</subfield>
    <subfield code="q">(James Aloysius),</subfield>
    <subfield code="d">1888-1976.</subfield>
  </datafield>
  <datafield tag="700" ind1="1" ind2=" ">
    <subfield code="a">Jeffries, Edward,</subfield>
    <subfield code="d">1900-</subfield>
  </datafield>
  <datafield tag="700" ind1="1" ind2=" ">
    <subfield code="a">Litchfield, Edward H.</subfield>
    <subfield code="q">(Edward Harold),</subfield>
    <subfield code="d">1914-1968.</subfield>
  </datafield>
  <datafield tag="700" ind1="1" ind2=" ">
    <subfield code="a">MacDonald, Thomas H.</subfield>
    <subfield code="q">(Thomas Harris),</subfield>
    <subfield code="d">b. 1881.</subfield>
  </datafield>
  <datafield tag="700" ind1="1" ind2=" ">
    <subfield code="a">Michelf, Rodolfo.</subfield>
  </datafield>
  <datafield tag="700" ind1="1" ind2=" ">
    <subfield code="a">Murphy, Frank,</subfield>
    <subfield code="d">1890-1949.</subfield>
  </datafield>
  <datafield tag="700" ind1="1" ind2=" ">
    <subfield code="a">Osborn, Chase S.</subfield>
    <subfield code="q">(Chase Salmon),</subfield>
    <subfield code="d">1860-1949.</subfield>
  </datafield>
  <datafield tag="700" ind1="1" ind2=" ">
    <subfield code="a">Romney, George W.,</subfield>
    <subfield code="d">1907-1995.</subfield>
  </datafield>
  <datafield tag="700" ind1="1" ind2=" ">
    <subfield code="a">Sorensen, Charles E.,</subfield>
    <subfield code="d">1881-1968.</subfield>
  </datafield>
  <datafield tag="700" ind1="1" ind2=" ">
    <subfield code="a">Van Wagoner, Murray Delos,</subfield>
    <subfield code="d">1898-</subfield>
  </datafield>
  <datafield tag="700" ind1="1" ind2=" ">
    <subfield code="a">Wallace, Henry A.</subfield>
    <subfield code="q">(Henry Agard),</subfield>
    <subfield code="d">1888-1965.</subfield>
  </datafield>
  <datafield tag="700" ind1="1" ind2=" ">
    <subfield code="a">Williams, G. Mennen,</subfield>
    <subfield code="d">1911-1988</subfield>
  </datafield>
  <datafield tag="852" ind1=" " ind2=" ">
    <subfield code="a">Bentley Historical Library,</subfield>
    <subfield code="b">University of Michigan,</subfield>
    <subfield code="c">Ann Arbor, Michigan 48109-2113</subfield>
  </datafield>
  <datafield tag="856" ind1="4" ind2="2">
    <subfield code="3">Finding aid:</subfield>
    <subfield code="u">http://quod.lib.umich.edu/cgi/f/findaid/findaid-idx?c=bhlead&amp;idno=umich-bhl-851011</subfield>
  </datafield>
  <datafield tag="998" ind1=" " ind2=" ">
    <subfield code="s">9554</subfield>
  </datafield>
</record>
